@online{googleblog,
	author = {Nick Dufour and Andrew Gully},
	title = {Contributing Data to Deepfake Detection Research},
	year = {2019},
	url = {https://ai.googleblog.com/2019/09/contributing-data-to-deepfake-detection.html}
}

@online{facebookblog,
	author = {Mike Schroepfer},
	title = {Creating a data set and a challenge for deepfakes},
	year = {2019},
	url = {https://ai.facebook.com/blog/deepfake-detection-challenge}
}

@MISC{DDD_GoogleJigSaw2019,
	AUTHOR = {Dufour, Nicholas and Gully, Andrew and Karlsson, Per and Vorbyov, Alexey Victor and Leung, Thomas and Childs, Jeremiah and Bregler, Christoph},
	DATE = {2019-09},
	TITLE = {{D}eepFakes {D}etection {D}ataset by {G}oogle \& {J}igSaw},
	year = {2019}
}

@inproceedings{roessler2019faceforensicspp,
	author = {Andreas R\"ossler and Davide Cozzolino and Luisa Verdoliva and Christian Riess and Justus Thies and Matthias Nie{\ss}ner},
	title = {Face{F}orensics++: Learning to Detect Manipulated Facial Images},
	booktitle = {International Conference on Computer Vision (ICCV)},
	year = {2019}
}

@inproceedings{guera2018deepfake,
	title={{D}eepfake video detection using recurrent neural networks},
	author={G{\"u}era and David and Delp and Edward J},
	booktitle={2018 15th IEEE International Conference on Advanced Video and Signal Based Surveillance (AVSS)},
	pages={1--6},
	year={2018},
	organization={IEEE}
}

@inproceedings{yuezeun2018eyeblink,
 title = {Exposing ai generated fake face videos by detecting eye blinking},
 author = {Yuezen Li and Ming-Ching Chang and Siwei Lyu},
 booktitle={IEEE International Workshop on Information Forensics and Security (WIFS)},
 year={2018},
 organization={IEEE}
}

@inproceedings{darius2018MesoNet,
	title = {MesoNet: a Compact Facial Video Forgery Detection Network},
	author = {Darius Afchar and Vincent Nozick and Junichi Yamagishi and Isao Echizen},
	booktitle = {2018 IEEE International Workshop On Imformation Forensics And Security (WIFS)},
	year = {2018},
	organization = {IEEE}
}

@inproceedings{chollet2017xception,
	title={Xception: Deep learning with depthwise separable convolutions},
	author={Chollet and Fran{\c{c}}ois},
	booktitle={Proceedings of the IEEE conference on computer vision and pattern recognition},
	pages={1251--1258},
	year={2017}
}

@inproceedings{quovadis2017Recog,
  title     = {Quo Vadis, Action Recognition? {A} New Model and the Kinetics Dataset},
  author    = {Jo{\~{a}}o Carreira and Andrew Zisserman},
  organization   = {CoRR},
  year      = {2017},
  url       = {http://arxiv.org/abs/1705.07750}
}

@inproceedings{TranBFTP14,
  author    = {Du Tran and Lubomir D. Bourdev and Rob Fergus and Lorenzo Torresani and Manohar Paluri},
  title     = {{C3D:} Generic Features for Video Analysis},
  organization = {CoRR},
  year      = {2014},
  url       = {http://arxiv.org/abs/1412.0767},
}

@inproceedings{abs-1811-00656,
  author    = {Yuezun Li and Siwei Lyu},
  title     = {Exposing DeepFake Videos By Detecting Face Warping Artifacts},
  organization   = {CoRR},
  volume    = {abs/1811.00656},
  year      = {2018},
  url       = {http://arxiv.org/abs/1811.00656},
}

@inproceedings{XuDS17,
  author    = {Huijuan Xu and Abir Das and Kate Saenko},
  title     = {{R-C3D:} Region Convolutional 3D Network for Temporal Activity Detection},
  organization   = {CoRR},
  year      = {2017},
  url       = {http://arxiv.org/abs/1703.07814}
}